@book{BigDataBook,
    author    = "Alessandro Rezzani",
    title     = "Big Data Analytics. Il manuale del data scientist",
    year      = "2017",
    publisher = "Apogeo Education",
    isbn      = "8891621854"
}

@online{linkFandom,
    title     = "Marvel Cinematic Universe Wiki",
    url       = "https://marvelcinematicuniverse.fandom.com/wiki/Marvel_Cinematic_Universe_Wiki"
}
